<record><leader>00000cas a22000007a 4500</leader><controlfield tag="001">25344141</controlfield><controlfield tag="008">920226d19321937ctudn ne      0    0eng d</controlfield><datafield ind1=" " ind2=" " tag="010"><subfield code="a">sn 92051161 </subfield></datafield><datafield ind1=" " ind2=" " tag="040"><subfield code="a">CNW</subfield><subfield code="b">eng</subfield><subfield code="c">CNW</subfield><subfield code="d">OCLCQ</subfield><subfield code="d">OCLCF</subfield><subfield code="d">OCLCO</subfield></datafield><datafield ind1="1" ind2=" " tag="029"><subfield code="a">AU@</subfield><subfield code="b">000020692687</subfield></datafield><datafield ind1=" " ind2=" " tag="042"><subfield code="a">msc</subfield></datafield><datafield ind1=" " ind2=" " tag="043"><subfield code="a">n-us-ct</subfield></datafield><datafield ind1="0" ind2="0" tag="245"><subfield code="a">Daily news-graphic.</subfield></datafield><datafield ind1=" " ind2=" " tag="260"><subfield code="a">Greenwich, Conn. :</subfield><subfield code="b">Greenwich Pub. Co.</subfield></datafield><datafield ind1=" " ind2=" " tag="300"><subfield code="a">v.</subfield></datafield><datafield ind1=" " ind2=" " tag="310"><subfield code="a">Daily (except Sun. and holidays)</subfield></datafield><datafield ind1="0" ind2=" " tag="362"><subfield code="a">Vol. 53, no. 27 (May 3, 1932)-v. 60, no. 307 (Nov. 17, 1937).</subfield></datafield><datafield ind1=" " ind2=" " tag="530"><subfield code="a">Available on microfilm from New England Micrographics, Marlboro, Mass.</subfield></datafield><datafield ind1=" " ind2="0" tag="651"><subfield code="a">Greenwich (Conn.)</subfield><subfield code="v">Newspapers.</subfield></datafield><datafield ind1=" " ind2="7" tag="655"><subfield code="a">Newspapers.</subfield><subfield code="2">fast</subfield><subfield code="0">(OCoLC)fst01423814</subfield></datafield><datafield ind1=" " ind2="7" tag="651"><subfield code="a">Connecticut</subfield><subfield code="z">Greenwich.</subfield><subfield code="2">fast</subfield><subfield code="0">(OCoLC)fst01205431</subfield></datafield><datafield ind1=" " ind2=" " tag="752"><subfield code="a">United States</subfield><subfield code="b">Connecticut</subfield><subfield code="c">Fairfield</subfield><subfield code="d">Greenwich.</subfield></datafield><datafield ind1="0" ind2="0" tag="780"><subfield code="t">Greenwich news and graphic</subfield><subfield code="w">(DLC)sn 92051160</subfield></datafield><datafield ind1="0" ind2="0" tag="785"><subfield code="t">Greenwich time (Greenwich, Conn. : 1937)</subfield><subfield code="w">(DLC)sn 82014615</subfield><subfield code="w">(OCoLC)8814611</subfield></datafield></record>